
@string{ijrr    = "Intn'l J. of Robotics Research"}
@string{icra    = "IEEE Intn'l Conf. on Robotics and Automation (ICRA)"}
@string{iros    = "IEEE/RSJ Intn'l Conf. on Intelligent Robots and Systems (IROS)"}
@string{itbme    = "IEEE Trans. on Biomedical Engineering"}
@string{itra    = "IEEE Trans. on Robotics and Automation"}
@string{ras		= "Robotics and Autonomous Systems"}
@string{tro = "IEEE Trans. on Robotics"}

 
@INPROCEEDINGS(UK10,
AUTHOR  = "B. Ugurlu and A. Kawamura",
TITLE   = "Eulerian ZMP resolution based bipedal walking: Discussion on the intrinsic angular momentum rate change about center of mass",
BOOKTITLE = icra,
PAGES   = "4218--4223",
YEAR    = "2010",
)
 
@ARTICLE{RoJa91,
    author = {G. Rodriguez, A. Jain, and K. Kreutz-Delgado},
    title = {A spatial operator algebra for manipulator modelling and control},
    volume = "10",
    number = "4",
    pages = "371-381",
    journal = ijrr,
    year = {1991}
}


@ARTICLE{LG12,
    author = {Sung-Hee Lee and Ambarish Goswami},
    title = {A momentum-based balance controller for humanoid robots on non-level and non-stationary ground},
    volume = "33",
    number = "4",
    pages = "399-414",
    journal = "Autonomous Robots",
    year = {2012}
}


@ARTICLE{SPK10,
    author = {L. Sentis and J. Park and O. Khatib},
    title = {Compliant Control of Multicontact and Center-of-mass Behaviors in Humanoid Robots},
    volume = "26",
    number = "3",
    pages = "483-501",
    journal = tro,
    year = {2010}
}

@ARTICLE{Park07,
    author = {J. Park and J. Han and F.C. Park},
    title = {Convex Optimization Algorithms for Active Balancing of Humanoid Robots},
    volume = "23",
    number = "4",
    pages = "817-822",
    journal = tro,
    year = {2007}
}

@ARTICLE{Stark95,
    author = {P. B. Stark and R. L. Parker},
    title = {Bounded-variable least-squares: an algorithm and applications},
    volume = "10",
    pages = "129-141",
    journal = {Computational Statistics},
    year = {1995}
}

@PHDTHESIS(Sugihara03b,
AUTHOR  = "Tomomichi Sugihara",
TITLE   = "Mobility Enhancement Control of Humanoid Robot based on Reaction Force Manipulation via Whole Body Motion",
SCHOOL  = "University of Tokyo",
YEAR    = "2003"
)

@INPROCEEDINGS(Sugihara03,
AUTHOR  = "Tomomichi Sugihara and Yoshihiko Nakamura",
TITLE   = "Variable Impedant Inverted Pendulum Model Control for a Seamless Contact Phase Transition on Humanoid Robot",
BOOKTITLE = "IEEE-RAS/RSJ International Conference on Humanoid Robots",
YEAR    = "2003",
)

@ARTICLE(Fujimoto98a,
AUTHOR  = "Yasutaka Fujimoto and Atsuo Kawamura",
TITLE   = "Simulation of an Autonomous Biped Walking Robot Including Environmental Force Interaction",
JOURNAL = "IEEE Robotics \& Automation Magazine",
YEAR    = "1998",
VOLUME  = "5",
NUMBER  = "2",
PAGES   = "33-41"
)

@INPROCEEDINGS(Fujimoto98b,
AUTHOR  = "Yasutaka Fujimoto and Satoshi Obata and Atsuo Kawamura",
TITLE   = "Robust Biped Walking with Active Interaction Control between Foot and Ground",
BOOKTITLE = icra,
PAGES   = "2030-2035",
YEAR    = "1998",
)

@PHDTHESIS(Fujimoto98c,
AUTHOR  = "Yasutaka Fujimoto",
TITLE   = "Study on Biped Walking Robot with Environmental Force Interaction",
SCHOOL  = "Yokohama National University",
YEAR    = "1998"
)

@INPROCEEDINGS(Stephens10,
AUTHOR  = "Benjamin J. Stephens and Christopher G. Atkeson",
TITLE   = "Dynamic Balance Force Control for Compliant Humanoid Robots",
BOOKTITLE = iros,
YEAR    = "2010",
)


@ARTICLE(Ye10,
AUTHOR  = "Yuting Ye and C. Karen Liu",
TITLE   = "Optimal Feedback Control for Character Animation Using an Abstract Model",
JOURNAL = "ACM Transactions on Graphics",
YEAR    = "2010",
VOLUME  = "29",
NUMBER  = "3",
articleno = "74",
)



@ARTICLE(Lasa10,
AUTHOR  = "Martin de Lasa and I. Mordatch and A. Hertzmann",
TITLE   = "Feature-Based Locomotion Controllers",
JOURNAL = "ACM Transactions on Graphics",
YEAR    = "2010",
VOLUME  = "29",
NUMBER  = "3",
articleno = "131",
)

@ARTICLE(Hyon09,
AUTHOR  = "Sang-Ho Hyon",
TITLE   = "Compliant Terrain Adaptation for Biped Humanoids Without Measuring Ground Surface and Contact Forces",
JOURNAL = tro,
YEAR    = "2009",
VOLUME  = "25",
NUMBER  = "1",
PAGES   = "171--178"
)

@misc{lourakis04LM,
    author={M.I.A. Lourakis},
    title={levmar: Levenberg-Marquardt nonlinear least squares algorithms in {C}/{C}++},
    howpublished={[web page] \verb+http://www.ics.forth.gr/~lourakis/levmar/+},
    year={Jul. 2004},
}


@INPROCEEDINGS(Ahn06,
AUTHOR  = "Kyung-Ho Ahn and Yonghwan Oh",
TITLE   = "Walking Control of a Humanoid Robot via Explicit and Stable {CoM} Manipulation with the Angular Momentum Resolution",
BOOKTITLE = iros,
YEAR    = "2006",
)

@INPROCEEDINGS(Sian03,
AUTHOR  = "N. E. Sian and K. Yokoi and S. Kajita and F. Kanehiro and K. Tanie",
TITLE   = "Whole Body Teleoperation of a Humanoid Robot -A Method of Integrating Operator??s Intention and Robot's Autonomy",
BOOKTITLE = icra,
YEAR    = "2003",
)

@INPROCEEDINGS(Harada03,
AUTHOR  = "Kensuke Harada and Shuuji Kajita and Kenji Kaneko and Hirohisa Hirukawa",
TITLE   = "{ZMP} Analysis for Arm/Leg Coordination",
BOOKTITLE = iros,
YEAR    = "2003",
)

@INPROCEEDINGS(Ugurlu10,
AUTHOR  = "Barkan Ugurlu and Atsuo Kawamura",
TITLE   = "Eulerian {ZMP} Resolution based Bipedal Walking: Discussions on the Rate Change of Angular Momentum about Center of Mass",
BOOKTITLE = icra,
YEAR    = "2010",
)

@inbook{MLS94,
author = {Richard M. Murray and Zexiang Li and S. Shankar Sastry},
title = {A Mathematical Introduction to Robotic Manipulation},
publisher = {CRC Press},
year = {1994},
}


@INPROCEEDINGS(LeeGoswami10,
AUTHOR  = "Sung-Hee Lee and Ambarish Goswami",
TITLE   = "Ground reaction force control at each foot:
A momentum-based humanoid balance controller for non-level
and non-stationary ground",
BOOKTITLE = "IEEE/RSJ Intn'l Conf. on Intelligent Robots and Systems (IROS)",
YEAR    = "2010",
)

@INPROCEEDINGS{Abe07,
  author = "Yehui Abe and Marco da Silva and Jovan Popovi\'c",
  title = "Multiobjective Control with Frictional Contacts",
  booktitle = "Eurographics/ACM SIGGRAPH Symposium on Computer Animation",
  year = "2007",
  pages = "249 -- 258",
}

@ARTICLE(KYK92,
AUTHOR  = "Kajita, S. and  Yamaura, T. and  Kobayashi, A.",
TITLE   = "Dynamic Walk Control of a Biped Robot along the Potential Energy Conserving Orbit",
JOURNAL = itra,
YEAR    = "1992",
VOLUME  = "8",
NUMBER  = "4",
PAGES   = "431--438"
)

@inbook{Featherstone87,
author = {Roy Featherstone},
title = {Robot Dynamics Algorithms},
publisher = {Kluwer Academic Publishers},
year = {1987},
}

@ARTICLE(FeOr08,
AUTHOR  = "R. Featherstone and D. E. Orin",
TITLE   = "Dynamics, Chapter 2",
JOURNAL = "Springer Handbook of Robotics, B. Siciliano and O. Khatib, Eds.",
YEAR    = "2008",
PUBLISHER = {Springer}
)

@misc{lourakis04LM,
    author={M.I.A. Lourakis},
    title={levmar: Levenberg-{M}arquardt nonlinear least squares algorithms in {C}/{C}++},
    howpublished={http://www.ics.forth.gr/~lourakis/levmar/},
    year={Jul. 2004},
}

@INPROCEEDINGS(Hofmann09,
AUTHOR  = "Andreas Hofmann and Marko Popovic and Hugh Herr ",
TITLE   = "Exploiting Angular Momentum to Enhance Bipedal Center-of-Mass Control",
BOOKTITLE   = icra,
YEAR    = "2009",
MONTH   = "May",
PAGES   ="4423--4429 "
)

@article{Nakamura87,
 author = {Y. Nakamura and H. Hanafusa},
 title = {Task Priority Based Redundancy Control of Robot Manipulators},
 journal = ijrr,
 volume = {6},
 number = {2},
 year = {1987},
 pages = {3--15},
 }

@inbook{Lawson74,
author = {Lawson, Charles L. and Hanson, Richard J.},
title = {Solving least squares problems},
publisher = {Prentice-Hall},
year = {1974},
}

@INPROCEEDINGS(Pollard01,
AUTHOR  = "Nancy S. Pollard and Paul S. A. Reitsma",
TITLE   = "Animation of Humanlike Characters: Dynamic Motion Filtering with a
Physically Plausible Contact Model",
BOOKTITLE   = "Yale Workshop on Adaptive and Learning Systems",
YEAR    = "2001",
)



@INPROCEEDINGS(Palmer07,
AUTHOR  = "Palmer, L.R. and Orin, D.E. ",
TITLE   = "Force Redistribution in a Quadruped Running Trot",
BOOKTITLE   = icra,
YEAR    = "2007",
MONTH   = "April",
PAGES   ="4343--4348"
)


@article{Vuko69,
 author = {M. Vukobratovi\'{c} and D. Juri\v{c}i\'{c}},
 title = {Contribution to the synthesis of biped gait},
 journal = {IEEE Trans. Bio-Medical Eng.},
 volume = {16},
 number = {1},
 year = {1969},
 }


@article{Muico09,
 author = {Uldarico Muico and Yongjoon Lee and Jovan Popovi\'c and Zoran Popovi\'c},
 title = {Contact-aware Nonlinear Control of Dynamic Characters},
 journal = {ACM Transactions on Graphics},
 volume = {28},
 number = {3},
 year = {2009},
 }

@ARTICLE(Zhou03,
AUTHOR  = "Changjiu Zhou and Qingchun Meng",
TITLE   = "Dynamic balance of a biped robot using fuzzy reinforcement learning agents",
JOURNAL = "Fuzzy Sets and Systems",
YEAR    = "2003",
VOLUME  = "134",
NUMBER  = "1",
PAGES   = "169--187"
)

@INPROCEEDINGS(Stephens07,
AUTHOR  = "Benjamin Stephens",
TITLE   = "Integral Control of Humanoid Balance",
BOOKTITLE = iros,
YEAR    = "2007",
)


@ARTICLE(Hyon06,
AUTHOR  = "Hyon, S. and Yokoyama, N. and Emura, T.",
TITLE   = "Back handspring of a multi-link gymnastic robot - reference model approach",
JOURNAL = "Advanced Robotics",
YEAR    = "2006",
VOLUME  = "20",
NUMBER  = "1",
PAGES   = "93-113"
)

@INPROCEEDINGS(Napoleon02,
AUTHOR  = "Napoleon and Nakaura, S. and  Sampei, M.",
TITLE   = "Balance control analysis of humanoid robot based on ZMP feedback control",
BOOKTITLE = iros,
YEAR    = "2002",
PAGES   ="2437--2442"
)

@INPROCEEDINGS(Collette08,
AUTHOR  = "Cyrille Collette and Alain Micaelli and Claude Andriot and Pierre Lemerle ",
TITLE   = "Robust Balance Optimization Control of Humanoid Robots with Multiple non Coplanar Grasps and Frictional Contacts",
BOOKTITLE   = icra,
YEAR    = "2008",
MONTH   = "May",
PAGES   ="3187--3193 "
)

@INPROCEEDINGS(Nishio06,
AUTHOR  = "Akinori Nishio and Kentaro Takahashi and Dragomir N. Nenchev",
TITLE   = "Balance Control of a Humanoid Robot Based on the Reaction Null Space Method",
BOOKTITLE   = iros,
YEAR    = "2006",
MONTH   = "Oct.",
PAGES   ="1996--2001 "
)

@ARTICLE(Mitobe04,
AUTHOR  = "K. Mitobe and G. Capi and Y. Nasu",
TITLE   = "A new control method for walking robots based on angular momentum",
JOURNAL = "Mechatronics",
YEAR    = "2004",
VOLUME  = "14",
NUMBER  = "2",
PAGES   = "163--174"
)

@INPROCEEDINGS(Sano90,
AUTHOR  = "Sano, A. and Furusho, J. ",
TITLE   = "Realization of natural dynamic walking using the angular momentum information",
BOOKTITLE   = icra,
YEAR    = "1990",
MONTH   = "May",
PAGES   ="1476 -- 1481 "
)

@INPROCEEDINGS(Morita03,
AUTHOR  = "Morita, Y. and  Ohnishi, K. ",
TITLE   = "Attitude control of hopping robot using angular momentum",
BOOKTITLE   = "IEEE Intn'l Conf. on Industrial Technology",
YEAR    = "2003",
MONTH   = "Dec.",
PAGES   ="173--178"
)


@INPROCEEDINGS(Naksuk04,
AUTHOR  = "Naksuk, N. and  Mei, Y. and  Lee, C.S.G.  ",
TITLE   = "Humanoid trajectory generation: an iterative approach based on movement and angular momentum criteria",
BOOKTITLE   = "IEEE/RAS Intn'l Conf. on Humanoid Robots",
YEAR    = "2004",
MONTH   = "Nov.",
PAGES   ="576--591"
)


@INPROCEEDINGS(Goswami04,
AUTHOR  = "Goswami, A. and Kallem, V.",
TITLE   = "Rate of change of angular momentum and balance maintenance of biped robots",
BOOKTITLE   = icra,
YEAR    = "2004",
MONTH   = "April",
PAGES   ="3785--3790"
)

@ARTICLE(Huang05,
AUTHOR  = "Qiang Huang and Yoshihiko Nakamura",
TITLE   = "Sensory Reflex Control for Humanoid Walking",
JOURNAL = tro,
YEAR    = "Oct. 2005",
VOLUME  = "21",
NUMBER  = "5",
PAGES   = "977--984"
)

@ARTICLE(Choi07,
AUTHOR  = "Youngjin Choi and Doik Kim and Yonghwan Oh and Bum-Jae You",
TITLE   = "Posture/Walking Control for Humanoid Robot Based on Kinematic Resolution of {CoM} {J}acobian With Embedded Motion",
JOURNAL = tro,
YEAR    = "2007",
VOLUME  = "23",
NUMBER  = "6",
PAGES   = "1285--1293"
)

@INPROCEEDINGS(Park05,
AUTHOR  = "Jonghoon Park and Youngil Youm and Wan-Kyun Chung",
TITLE   = "Control of Ground Interaction at the Zero-Moment Point for Dynamic Control of Humanoid Robots",
BOOKTITLE   = icra,
YEAR    = "2005",
MONTH   = "April",
PAGES   ="1724 -- 1729"
)

@ARTICLE(Hyon07,
AUTHOR  = "Sang-Ho Hyon and Hale, J.G. and  Cheng, G.",
TITLE   = "Full-Body Compliant Human--Humanoid Interaction: Balancing in the Presence of Unknown External Forces",
JOURNAL = tro,
YEAR    = "2007",
VOLUME  = "23",
NUMBER  = "5",
PAGES   = "884--898"
)

@ARTICLE(webots,
AUTHOR  = "Olivier Michel",
TITLE   = "Webots: Professional Mobile Robot Simulation",
JOURNAL = "International Journal of Advanced Robotic Systems",
YEAR    = "2004",
VOLUME  = "1",
NUMBER  = "1",
PAGES   = "39--42"
)

@ARTICLE(Block96,
AUTHOR  = "A. M. Bloch and P. S. Krishnaprasad and J. E. Marsden and R. M. Murray",
TITLE   = "Nonholonomic Mechanical Systems with Symmetry",
JOURNAL = "Archive for Rational Mechanics and Analysis",
YEAR    = "Dec. 1996",
VOLUME  = "136",
NUMBER  = "1",
PAGES   = "21--99"
)

@INPROCEEDINGS(Kagami00,
AUTHOR  = "Kagami, S. and Kanehiro, F. and Tamiya, Y. and Inaba, M. and Inoue, H.",
TITLE   = "Auto{B}alancer: {A}n Online Dynamic Balance Compensation Scheme for Humanoid Robots",
BOOKTITLE   = "Proc. of the 4th International Workshop on Algorithmic Foundation on Robotics",
YEAR    = "2000",
)

@INPROCEEDINGS(AG05,
AUTHOR  = "Abdallah, M. and A. Goswami",
TITLE   = "A biomechanically motivated two-phase strategy for biped robot upright balance control",
BOOKTITLE   = icra,
YEAR    = "2005, Barcelona, Spain",
MONTH   = "April",
PAGES   ="3707--3713"
)

@INPROCEEDINGS(PHH04,
AUTHOR  = "M. Popovic and A. Hofmann and H. Herr",
TITLE   = "Angular Momentum Regulation During Human Walking:  Biomechanics and Control",
BOOKTITLE   = icra,
YEAR    = "2004",
MONTH   = "April, New Orleans, LA, USA",
PAGES   ="2405--2411"
)

@ARTICLE(HP08,
AUTHOR  = "H. Herr and M. Popovic",
TITLE   = "Angular momentum in human walking",
JOURNAL = "The Journal of Experimental Biology",
YEAR    = "2008",
VOLUME  = "211",
PAGES   = "467--481"
)

@INPROCEEDINGS(KKKFHYH03,
AUTHOR  = "Kajita, S. and  Kanehiro, F. and K. Kaneko and K. Fujiwara and K. Harada and K. Yokoi and H. Hirukawa",
TITLE   = "Resolved momentum control: {H}umanoid motion planning based on the linear and angular momentum",
BOOKTITLE   = iros,
YEAR    = "2003, Las Vegas, NV, USA",
VOLUME  = "2",
PAGES   = "1644--1650"
)

@INPROCEEDINGS(KLKK05,
AUTHOR  = "Komura, T. and H. Leung and S. Kudoh and J. Kuffner",
TITLE   = "A feedback controller for biped humanoids
that can counteract large perturbations during gait",
BOOKTITLE   = icra,
YEAR    = "2005, Barcelona, Spain",
VOLUME  = "",
PAGES   = "2001--2007"
)

@INPROCEEDINGS(OG08,
AUTHOR  = "D. Orin and A. Goswami",
TITLE   = "Centroidal Momentum Matrix of a Humanoid Robot:
Structure and Properties",
BOOKTITLE   = iros,
YEAR    = "2008, Nice, France",
PAGES   = ""
)

@ARTICLE(KNLS05,
AUTHOR  = "Komura, T. and A. Nagano and H. Leung and Y. Shinagawa",
TITLE   = "Simulating pathological gait using the enhanced linear inverted pendulum mode",
JOURNAL = itbme,
YEAR    = "2005, September",
VOLUME  = "52",
NUMBER  = "9",
PAGES   = "1502--1513"
)

@inproceedings{Kudoh02,
  author = "S. Kudoh and T. Komura and K. Ikeuchi",
  title = "The Dynamic Postural Adjustment with the Quadratic Programming Method",
  year = "2002",
  booktitle = iros,
}


@article{Macchietto09,
    title = "Momentum Control for Balance",
    author = "Adriano Macchietto and Victor Zordan and Christian R. Shelton",
    journal = "ACM Transactions on Graphics",
    volume = 28,
    number = 3,
    month = jul,
    year = 2009,
    pages = "80:1--80:8",
  }

@BOOK(Lav06,
AUTHOR  = " S. M. LaValle",
TITLE   = "Planning Algorithms",
PUBLISHER   = " Cambridge University Press",
ADDRESS = "Cambridge, UK",
YEAR    = "2006",
EDITION = ""
)

@inproceedings{RB06,
title = {Instability Detection and Fall Avoidance for a Humanoid using Attitude Sensors and Reflexes},
author = {R. Renner and S. Behnke},
booktitle = iros,
address = {Beijing},
pages = {2967--2973},
month = {October},
year = {2006},
}

@inbook{HGG06,
author = {O. {H\"{o}hn} and J. {Ga\v{c}nik} and W. Gerth},
chapter = {Detection and Classification of Posture Instabilities of Bipedal Robots},
title = {Climbing and Walking Robots},
publisher = {Springer Berlin Heidelberg},
year = {2006},
part = {7},
pages = {409--416},
isbn = {978-3-540-26413-2},
}

@inproceedings{HG09,
author = {O. {H\"{o}hn} and W. Gerth},
title = {Probabilistic Balance Monitoring for Bipedal Robots},
booktitle = ijrr,
volume = {28},
number = {2},
year = {2009},
pages = {245--256},
}

@article{RPMPZ09,
author = {J. Ruiz-del-Solar and R. Palma-Amestoy and R. Marchant and I. Parra-Tsunekawa and P. Zegers},
title = {Learning to fall: Designing low damage fall sequences for humanoid soccer robots},
journal = ras,
volume = {57},
number = {8},
year = {2009},
issn = {0001-0782},
pages = {796--807},
publisher = {Elsevier},
}

@ARTICLE(RHSCLP00,
AUTHOR  = "S. R. Robinovitch and E. T. Hsiao and R. Sandler and J. Cortez and
Q. Liu and G. D. Paiment",
TITLE   = "Prevention of falls and fall-related fractures through biomechanics",
JOURNAL = "Exercise and Sports Sciences Review",
YEAR    = "2000",
VOLUME  = "28",
NUMBER  = "2",
MONTH   = "April",
PAGES   = "74--79"
)


@ARTICLE(TERW06,
AUTHOR  = "J-S. Tan and J. J. Eng and S. R. Robinovitch and B. Warnick",
TITLE   = "Wrist impact velocities are smaller in forward falls than backward
falls from standing",
JOURNAL = jb,
YEAR    = "2006",
VOLUME  = "39",
NUMBER  = "10",
PAGES   = "1804--1811"
)

@INPROCEEDINGS(Ash00,
AUTHOR  = "J. A. Ashton-Miller",
TITLE   = "Biomechanics of mobility and fall-arrests in older adults",
BOOKTITLE   = "RESNA",
YEAR    = "2000",
MONTH   = "",
PAGES   =""
)

@INPROCEEDINGS(FKKYH02,
AUTHOR  = "Fujiwara, K. and F. Kanehiro and S. Kajita and K. Kaneko and K. Yokoi and H. Hirukawa",
TITLE   = "{UKEMI}: Falling motion control to minimize damage to biped humanoid robot",
BOOKTITLE = iros,
YEAR    = "Lausanne, Switzerland",
MONTH   = "September 30 -- October 4, 2002",
PAGES   = "2521--2526"
)


@INPROCEEDINGS(FKKYSHKH03,
AUTHOR  = "K. Fujiwara and  Kanehiro F. and Kajita, S.  and K. Yokoi and H. Saito and
K. Harada and   K. Kaneko   and H. Hirukawa",
TITLE   = "The first human-size humanoid that can fall over safely and stand-up again",
BOOKTITLE   = iros,
YEAR    = "2003, Las Vegas, NV, USA",
PAGES   = "1920--1926"
)

@INPROCEEDINGS(FKKH04,
AUTHOR  = "Fujiwara, K. and F. Kanehiro and S. Kajita and H. Hirukawa",
TITLE   = "Safe Knee landing of a human-size humanoid robot while falling forward",
BOOKTITLE = iros,
YEAR    = "2004, Sendai, Japan",
MONTH   = "September 28-- October 2",
PAGES   = "503--508"
)

@INPROCEEDINGS(FKSKHH04,
AUTHOR  = "K. Fujiwara and  Kanehiro F. and H. Saito and Kajita, S.  and
K. Harada   and H. Hirukawa",
TITLE   = "Falling motion control of a humanoid robot trained by virtual supplementary tests",
BOOKTITLE   = icra,
YEAR    = "2004, New Orleans, LA, USA",
PAGES   = "1077--1082"
)

@INPROCEEDINGS(FKHKMKNH06,
AUTHOR  = "K. Fujiwara and S. Kajita and K. Harada and K. Kaneko and M. Morisawa and F. Kanehiro and S. Nakaoka and S. Harada and H. Hirukawa",
TITLE   = "Towards an Optimal Falling Motion for a Humanoid Robot",
BOOKTITLE   = {IEEE-RAS/RSJ International Conference on Humanoid Robots},
YEAR    = "2006",
PAGES   = "524--529"
)

@ARTICLE(Kuo99,
AUTHOR  = "A. Kuo",
TITLE   = "Stabilization of lateral motionin passive dynamic walking",
JOURNAL = ijrr,
YEAR    = "1999, September",
PAGES   = "917--930",
VOLUME  = "18",
NUMBER  = "9"
)

@INPROCEEDINGS(IKT04,
AUTHOR  = "Ishida, T. and Y. Kuroki and T. Takahashi",
TITLE   = "Analysis of motions of a small biped entertainment robot",
BOOKTITLE = iros,
YEAR    = "Sendai, Japan",
MONTH   = "September 28 -- October 2, 2004",
PAGES   = "142--147"
)

@INPROCEEDINGS(KKKFHYH03b,
AUTHOR  = "Kajita, S. and  Kanehiro, F. and K. Kaneko and K. Fujiwara and K. Harada and K. Yokoi and H. Hirukawa",
TITLE   = "Biped Walking Pattern Generation by using
Preview Control of Zero-Moment Point",
BOOKTITLE   = icra,
YEAR    = "2003, Taipei, Taiwan",
PAGES   = "1620--1626"
)


@ARTICLE(Ess93,
AUTHOR  = "H. Ess\'en",
TITLE   = "Average Angular Velocity",
JOURNAL = "European Journal of Physics",
YEAR    = "1993",
PAGES   = "201--205",
VOLUME  = "14",
NUMBER  = ""
)

}

@BOOK(WGCCM07,
AUTHOR  = "E. Westervelt and J. W. Grizzle and C. Chevallereau and J. O. Choi and B. Morris",
TITLE   = "Feedback Control of Dynamic Bipedal Robot Locomotion",
PUBLISHER   = "CRC Press",
ADDRESS = "Boca Raton, FL",
YEAR    = "2007",
EDITION = ""
)

@ARTICLE(McG90,
AUTHOR  = "McGeer, T.",
TITLE   = "Passive Dynamic Walking",
JOURNAL = ijrr,
YEAR    = "1990",
VOLUME  = "9",
NUMBER  = "2",
PAGES   = "62--82"
)

@PHDTHESIS(Hofm06,
AUTHOR  = "Hofmann, A.",
TITLE   = "Robust execution of biped walking tasks from biomechanical principles",
SCHOOL  = "MIT, AI Lab",
YEAR    = "2006"
)

@PHDTHESIS(For03,
AUTHOR  = "Forner Cordero, A.",
TITLE   = "Human gait, stumble and $\ldots$ fall?",
SCHOOL  = "University of Twente, Enschede, The Netherlands",
YEAR    = "2003"
)


@ARTICLE(ALY05,
AUTHOR  = "F. Asano and Z.-W. Luo and M. Yamakita",
TITLE   = "Biped Gait Generation and Control Based on A Unified Property of Passive Dynamic Walking",
JOURNAL =  itr,
YEAR    = "2005",
VOLUME  = "21",
NUMBER  = "4",
PAGES   = "754--762"
)

@INPROCEEDINGS(Olf01,
AUTHOR  = "R. Olfati-Saber",
TITLE   = "Stabilization of a Flat Underactuated System: the Inertia Wheel Pendulum",
BOOKTITLE   = "40th Conf. on Decision and Control",
YEAR    = "2001, Orlando, FL",
MONTH   = "December 4-7",
PAGES   ="306--308"
)


@INPROCEEDINGS(AL06,
AUTHOR  = "F. Asano and Z.-W. Luo",
TITLE   = "On Energy-Efficient and High-Speed Dynamic Biped Locomotion with Semicircular Feet",
BOOKTITLE   = iros,
YEAR    = "2006",
MONTH   = "October, Beijing, China",
PAGES   ="5901--5906"
)

@PHDTHESIS(Pra00,
AUTHOR  = "Pratt, J",
TITLE   = " Exploiting inherent robustness and and natural dynamics
in the control of bipedal walking robots",
SCHOOL  = "MIT",
YEAR    = "2000"
)

@ARTICLE(KYK92,
AUTHOR  = "Kajita, S. and  Yamaura, T. and  Kobayashi, A.",
TITLE   = "Dynamic Walk Control of a Biped Robot along the Potential Energy Conserving Orbit",
JOURNAL = itra,
YEAR    = "1992",
VOLUME  = "8",
NUMBER  = "4",
PAGES   = "431--438"
)

@ARTICLE(VVVLG06,
AUTHOR  = "J. Vermeulen and B. Verrelst and B. Vanderborght and D. Lefeber and P. Guillaume",
TITLE   = "Trajectory Planning for the Walking Biped ``Lucy''",
JOURNAL = ijrr,
YEAR    = "2006",
VOLUME  = "25",
NUMBER  = "9",
PAGES   = "867--887"
)

@BOOK(Sid97,
AUTHOR  = "Marcel J. Sidi",
TITLE   = "Spacecraft Dynamics and Control",
PUBLISHER = "Cambridge University Press",
ADDRESS = "NewYork, NY",
YEAR    = "1997"
)

@TECHREPORT(GTE96,
AUTHOR  = "Goswami, A. and B. Thuilot and B. Espiau",
TITLE   = "Compass-like biped Robot Part I: Stability and bifurcation of passive gaits",
INSTITUTION = "INRIA, No. 2996",
YEAR    = "1996",
MONTH   = "Oct."
)

@INPROCEEDINGS(AL07,
AUTHOR  = "F. Asano and Z.-W. Luo",
TITLE   = "Asymptotically Stable Gait generation for Biped Robot Based on Mechanical Energy Balance",
BOOKTITLE   = iros,
YEAR    = "2006",
MONTH   = "October, San Diego, CA, USA",
PAGES   ="3327--3333"
)

@incollection{ASKKB01,
   author = "R. Altendorfer and Uluc Saranli and H. Komsuoglu and D.E. Koditschek and H. Benjamin Brown and Martin Buehler and N. Moore and D. McMordie and R. Full",
   editor = "D. Rus and S. Singh",
   title = "Evidence for Spring Loaded Inverted Pendulum Running in a Hexapod Robot",
   booktitle = "Experimental Robotics VII",
   pages = "291 - 302",
   publisher = "Springer-Verlag",
   year = "2001"
}

@ARTICLE(AY01,
AUTHOR  = "F. Asano and M. Yamakita",
TITLE   = "Virtual Gravity and Coupling Control for Robotic Gait Synthesis",
JOURNAL =  itsmc,
YEAR    = "Part A: Systems and Humans, Nov., 2001",
VOLUME  = "31",
NUMBER  = "6",
PAGES   = "737--745"
)

@ARTICLE(AYKL04,
AUTHOR  = "F. Asano and M. Yamakita and N. Kamamichi and Z.-W. Luo",
TITLE   = "A Novel Gait Generation for Biped Walking Robots Based on Mechanical Energy Constraint",
JOURNAL =  itra,
YEAR    = "2004",
VOLUME  = "20",
NUMBER  = "3",
PAGES   = "565--573"
)

@ARTICLE{Boulic96,
  author = {R. Boulic and R. Mas and D. Thalmann},
  title = {A Robust Approach for the Center of Mass Position Control with Inverse Kinetics},
  journal = {Journal of Computers and Graphics},
  year = {1996},
  volume = {20},
  pages = {693--701},
  number = {5}
}



@BOOK{Gol80,
  title = {Classical Mechanics},
  publisher = {Addison-Wesley},
  year = {1980},
  author = {H. Goldstein},
  edition = {Second},
  month = {July}
}

@ARTICLE(Inoue05,
AUTHOR  = "K. Inoue",
TITLE   = "Protective Movements during Sideways Falls from Standing Height",
JOURNAL = {J Physiol Anthropol Appl Hum Sci},
YEAR    = "2005",
VOLUME  = "24",
NUMBER  = "4",
PAGES   = "371-374 "
)

@INPROCEEDINGS(KT91,
AUTHOR  = "Kajita, S. and  Tani, K.",
TITLE   = "Study of Dynamic Biped Locomotion on Rugged Terrain",
BOOKTITLE   = icra,
YEAR    = "1991",
PAGES   = "1405--1411"
)

@INPROCEEDINGS(KKKYH01,
AUTHOR  = "Kajita, S. and  Kanehiro, F. and K. Kaneko and K. Yokoi and H. Hirukawa",
TITLE   = "The 3{D} Linear Inverted Pendulum Model:
A Simple modeling for a biped walking pattern generator",
BOOKTITLE   = iros,
YEAR    = "2001, Maui, Hawaii",
PAGES   = "239--246"
)

@INPROCEEDINGS(KKKFYH02,
AUTHOR  = "Kajita, S. and  Kanehiro, F. and K. Kaneko and K. Fujiwara and K. Yokoi and H. Hirukawa",
TITLE   = "A realtime pattern generator for biped walking",
BOOKTITLE   = icra,
YEAR    = "2002, Washington, DC",
PAGES   = "31--37"
)


@INPROCEEDINGS{LG07,
  author = "S-H. Lee and A. Goswami",
  title = "Reaction Mass Pendulum ({RMP}): An explicit model for centroidal
	angular momentum of humanoid robots",
  booktitle = icra,
  year = "2007",
  pages = "4667--4672",
  month = "April",
}

@INCOLLECTION{LG09,
AUTHOR  = "S-H. Lee and A. Goswami",
TITLE   = "The reaction mass pendulum ({RMP}) model for humanoid robot gait and balance control",
BOOKTITLE = "Humanoid Robots",
PUBLISHER   = "In-Tech (www.intechweb.org)",
EDITOR  = "Ben Choi",
ADDRESS = "Austria",
YEAR    = "February, 2009",
PAGES	  = "167-186",
url = "http://intechweb.org/downloadpdf.php?id=6240"
}


@ARTICLE{Lo03,
  author = {J. Lo and G. N. McCabe and K. M. DeGoede and H. Okuizumi and J. A. Ashton-Miller},
  title = {On reducing hand impact force in forward falls: results of a brief intervention in young males},
  journal = { Clin Biomech},
  year = {2003},
  volume = {18},
  pages = {730--736},
  number = {8}
}

@ARTICLE{montana1989a,
  author = {D. J. Montana},
  title = {The Kinematics of Compliant Contact and Grasp},
  journal = {International Journal of Robotics Research},
  year = {1989},
  volume = {7},
  pages = {17--32},
  number = {3}
}

@ARTICLE{Ess93,
  author = {H. Ess\'en},
  title = {Average Angular Velocity},
  journal = {European Journal of Physics},
  year = {1993},
  volume = {14},
  pages = {201--205},
}


@ARTICLE{Robinovitch00,
  author = {S. N. Robinovitch and E. T. Hsiao and R. Sandler and J. Cortez and Q. Liu and G. D. Paiement},
  title = {Prevention of falls and fall-related fractures through biomechanics},
  journal = {Exerc Sport Sci Rev},
  year = {2000},
  volume = {28},
  pages = {74--79},
  number = {2},
  month = {April}
}


@ARTICLE{Robinovitch04,
  author = {S. N. Robinovitch and R. Brumer and J. Maurer},
  title = {Effect of the ``squat protective response'' on impact velocity during backward falls},
  journal = {Journal of Biomechanics},
  year = {2004},
  volume = {37},
  pages = {1329--1337},
  number = {9},
}

@ARTICLE{Sabick99,
  author = {M. B. Sabick and J. G. Hay and V. K. Goel and S. A. Banks},
  title = {Active responses decrease impact forces at the hip and shoulder in falls to the side},
  journal = {J Biomech},
  year = {1999},
  volume = {32},
  pages = {993--998},
  number = {9},
  month = {September}
}

@ARTICLE{Spo05,
  author = {M. W. Spong and F. Bullo},
  title = {Controlled Symmetries and Passive Walking},
  journal = {IEEE Transactions on Automatic Control},
  year = {2005},
  volume = {50},
  pages = {1025--1031},
  number = {7},
  month = {July}
}

@ARTICLE(SCL01,
AUTHOR  = "M.~W. Spong and P. Corke and R. Lozano",
TITLE   = "Nonlinear Control of Inertia Wheel Pendulum",
JOURNAL = "Automatica",
YEAR    = "2001",
VOLUME  = "37",
MONTH   = "February",
PAGES   = "1845--1851"
)

@BOOK{smibook,
  title = {Modeling and IPC Control of Interactive Mechanical Systems -- A Coordinate-free
	Approach},
  publisher = {Springer-Verlag},
  year = {2001},
  author = {S. Stramigioli}
}

@BOOK{strang1988,
  title = {Linear Algebra and its Applications},
  publisher = {Brooks Cole},
  year = {1988},
  author = {G. Strang},
  edition = {Third},
}

@BOOK(ABS01,
AUTHOR  = "K. Astrom and A. Block and M. Spong",
TITLE   = "The Reaction Wheel Pendulum",
YEAR    = "2001",
EDITOR  = "Lecture Notes",
PUBLISHER   = "Downloadable from: http://decision.csl.uiuc.edu/~spong/main.htm",
PAGES   = ""
)

@INPROCEEDINGS{Sugihara02,
AUTHOR  = "T. Sugihara and Y. Nakamura and H. Inoue",
TITLE   = "Realtime Humanoid Motion Generation through {ZMP} Manipulation
based on Inverted Pendulum Control",
BOOKTITLE = icra,
YEAR    = "2002",
MONTH   = "May",
PAGES   = "1404--1409"
}

@article{Vukobratovic69,
        author= "M. Vukobratovic and D. Juricic",
        title = "Contribution to the synthesis of biped gait",
        journal ={IEEE Transactions on Biomedical Engineering},
        volume = {16},
        pages= "1-6",
        year= "1969"
}

@ARTICLE(WO82,
AUTHOR  = "M.~W. Walker and D. Orin",
TITLE   = "Efficient dynamic computer simulation of robotic mechanisms",
JOURNAL = "ASME Journal of Dynamic Systems, Measurement, and Control",
YEAR    = "Sept. 1982",
VOLUME  = "104",
NUMBER  = "",
PAGES   = "205--211"
)

@ARTICLE(Walker94,
AUTHOR  = "I. D. Walker",
TITLE   = "Impact Configurations and Measures for Kinematically Redundant and Multiple Armed Robot Systems",
JOURNAL = "IEEE Transactions on Robotics and Automation",
YEAR    = "1994",
VOLUME  = "10",
NUMBER  = "5",
PAGES   = "670--683"
)


@ARTICLE{FP03,
AUTHOR  = "A. C. Fang  and N. Pollard",
TITLE   = "Efficient synthesis of physically valid human motion",
BOOKTITLE = "ACM Trans. on Graphics, ACM SIGGRAPH Proceedings",
YEAR	= "2003",
VOLUME  = "22",
NUMBER  = "3",
PAGES   = "417--426"
}

@MISC{Wis04,
  author = {M. Wisse},
  title = {Essentials of Dynamic Walking --- Analysis and design of two-legged
	robots},
  month = {September},
  year = {2004},
  school = {Delft University of Technology}
}

@article{YLP07,
 author = {K. Yin and K. Loken and M. van de Panne},
 title = {SIMBICON: Simple Biped Locomotion Control },
 journal = {ACM Trans. Graph.},
 volume = {26},
 number = {3},
 year = {2007},
 pages = {105},
 publisher = {ACM Press},
 }



@inproceedings{HHHT98,
  author    = {K. Hirai and M. Hirose and Y. Haikawa and T. Takenaka},
  title     = {The Development of Honda Humanoid Robot},
  booktitle = icra,
  year      = {1998},
  pages     = {1321-1326},
  bibsource = {DBLP, http://dblp.uni-trier.de}
}


@INPROCEEDINGS(FKHKMKNH07,
AUTHOR  = "K. Fujiwara and S. Kajita and K. Harada and K. Kaneko and M. Morisawa and F. Kanehiro and S. Nakaoka and S. Harada and H. Hirukawa",
TITLE   = "An Optimal Planning of Falling Motions of a Humanoid Robot",
BOOKTITLE   = iros,
YEAR    = "2007",
PAGES   = "456--462"
)

@ARTICLE(SB04,
AUTHOR  = "Sardain, P. and Bessonnet, G.",
TITLE   = "Forces Acting on a Biped Robot. Center of Pressure-Zero Moment Point",
JOURNAL = itsmc,
YEAR    = "2004",
VOLUME  = "34",
NUMBER  = "5",
PAGES   = "630--637"
)

@inproceedings{OTK07,
author    ={K. Ogata and  K. Terada and  Y. Kuniyoshi},
title     ={Falling Motion Control for Humanoid Robots While Walking},
booktitle ={IEEE-RAS/RSJ International Conference on Humanoid Robots},
year      ={Pittsburgh, 2007},
}

@INPROCEEDINGS(OTK08,
AUTHOR  = "K. Ogata and K. Terada and Y. Kuniyoshi",
TITLE   = "Real-time Selection and Generation of
Fall Damagae Reduction Actions for Humanoid Robots",
BOOKTITLE   = "IEEE-RAS/RSJ International Conference on Humanoid Robots",
YEAR    = "2008, Daejeon, Korea",
MONTH   = "Dec. -3",
PAGES   ="233-238"
)


@INPROCEEDINGS(YGS09,
AUTHOR  = "S-K. Yun and A. Goswami and Y. Sakagami",
TITLE   = "Safe Fall: Humanoid Robot Fall Direction Change Through Intelligent Stepping and Inertia Shaping",
BOOKTITLE   = icra,
YEAR    = "2009",
MONTH   = "May",
PAGES   ="781-787"
)

@INPROCEEDINGS(YG11,
AUTHOR  = "S-K. Yun and A. Goswami",
TITLE   = "Momentum-Based Reactive Stepping Controller on Level and Non-Level Ground for Humanoid Robot Push Recovery",
BOOKTITLE   = iros,
YEAR    = "2011",
MONTH   = "September",
PAGES   =""
)

@INPROCEEDINGS(KG10,
AUTHOR  = "S. Kalyanakrishnan and A. Goswami",
TITLE   = "A machine learning approach for predicting humanoid fall",
BOOKTITLE   = icra,
YEAR    = "2010",
MONTH   = "May",
NOTE   ="(Submitted)"
)

@ARTICLE(PGH05,
AUTHOR  = "M. Popovic and A. Goswami and H. Herr",
TITLE   = " Ground Reference Points in Legged Locomotion:
Definitions, Biological Trajectories and Control Implications",
JOURNAL= ijrr,
YEAR    = "2005",
VOLUME  = "24",
NUMBER  = "12",
PAGES   = "1013--1032"
)

@ARTICLE(Gos99b,
AUTHOR  = "Goswami, A.",
TITLE   = "Postural stability
of biped robots and the foot rotation indicator ({FRI}) point",
JOURNAL = ijrr,
YEAR    = "1999",
VOLUME  = "18",
NUMBER  = "6",
PAGES   = "523--533",
MONTH   = ""
)

@INPROCEEDINGS(PCDG06,
AUTHOR  = "J. Pratt and J. Carff and S. Drakunov and A. Goswami",
TITLE   = "Capture Point: A Step toward Humanoid Push Recovery",
BOOKTITLE   = "EEE-RAS/RSJ International Conference on Humanoid Robots",
YEAR    = "2006",
MONTH   = "December, Genoa, Italy",
PAGES   =""
)

@article{BDRL03,
    author = {Bortolami S.B. and DiZio P. and Rabin E. and Lackner JR},
    title = {Analysis of human postural responses to recoverable falls},
    journal = {Exp Brain Res},
    volume = {151},
    year = {2003 },
    pages = {387-404}
}

@ARTICLE(SHGB99,
AUTHOR  = "M. B. Sabick and J. G. Hay and V. K. Goel and S. A. Banks",
TITLE   = "Active responses decrease impact forces at the hip and
shoulder in falls to the side",
JOURNAL= "Journal of biomechanics",
YEAR    = "1999",
VOLUME  = "32",
NUMBER  = "9",
PAGES   = "993--998"
)

@INPROCEEDINGS {pendulum,
	author = {Jinglai Shen and Sanyal Amit K. and Chaturvedi Nalin A. and Bernstein Dennis and Mcclamroch Harris },
	title = {Dynamics and Control of a 3D Pendulum},
	pages = {323-328},
	booktitle ={IEEE Conf. on Decision and Control},
	year = {2004},
}

@INPROCEEDINGS(Wie02,
AUTHOR  = "Wieber, P.-B.",
TITLE   = "On the stability of walking systems",
BOOKTITLE   = "Proc. of the Intn'l Humanoid and Human
Friendly Robots",
YEAR    = "2002",
MONTH   = "",
PAGES   =""
)

@INPROCEEDINGS(Wie05,
AUTHOR  = "Wieber, P.-B.",
TITLE   = "Holonomy and nonholonomy in the dynamics of articulated motion",
BOOKTITLE   = "Fast Motions in Biomechanics and Robotics, Heidelberg, Germany",
YEAR    = "2005",
MONTH   = "Heidelberg, Germany",
PAGES   =""
)

@article{DW09,
  author    = {J. G. Dani{\"e}l Karssen and
               Martijn Wisse},
  title     = {Fall detection in walking robots by multi-way principal
               component analysis},
  journal   = {Robotica},
  volume    = {27},
  number    = {2},
  year      = {2009},
  pages     = {249-257},
  ee        = {http://dx.doi.org/10.1017/S0263574708004645},
  bibsource = {DBLP, http://dblp.uni-trier.de}
}

@inproceedings{nishiwaki2001online,
  title={Online mixture and connection of basic motions for humanoid walking control by footprint specification},
  author={Nishiwaki, Koic Hi and Sugihara, Tomomichi and Kagami, Satoshi and Inaba, Masa Yuki and Inoue, Hirochih},
  booktitle={Robotics and Automation, 2001. Proceedings 2001 ICRA. IEEE International Conference on},
  volume={4},
  pages={4110--4115},
  year={2001},
  organization={IEEE}
}

@misc{roboone,
  author = {Wikipedia},
  title = {Robo One},
  howpublished = "\url{https://en.wikipedia.org/wiki/Robo_One}",
  year = {2015}
}

@inproceedings{nishiwaki2002online,
  title={Online generation of humanoid walking motion based on a fast generation method of motion pattern that follows desired zmp},
  author={Nishiwaki, Koichi and Kagami, Satoshi and Kuniyoshi, Yasuo and Inaba, Masayuki and Inoue, Hirochika},
  booktitle={Intelligent Robots and Systems, 2002. IEEE/RSJ International Conference on},
  volume={3},
  pages={2684--2689},
  year={2002},
  organization={IEEE}
}

@article{kagami2002fast,
  title={A fast dynamically equilibrated walking trajectory generation method of humanoid robot},
  author={Kagami, Satoshi and Kitagawa, Tomonobu and Nishiwaki, Koichi and Sugihara, Tomomichi and Inaba, Masayuki and Inoue, Hirochika},
  journal={Autonomous Robots},
  volume={12},
  number={1},
  pages={71--82},
  year={2002},
  publisher={Springer}
}
  
@inproceedings{sugihar2002real,
  title={Real-time humanoid motion generation through ZMP manipulation based on inverted pendulum control},
  author={Sugihar, Tomomichi and Nakamura, Yoshihiko and Inoue, Hirochika},
  booktitle={Robotics and Automation, 2002. Proceedings. ICRA'02. IEEE International Conference on},
  volume={2},
  pages={1404--1409},
  year={2002},
  organization={IEEE}
}

@inproceedings{kajita2001real,
  title={Real-time 3D walking pattern generation for a biped robot with telescopic legs},
  author={Kajita, Shuuji and Matsumoto, Osamu and Saigo, Muneharu},
  booktitle={Robotics and Automation, 2001. Proceedings 2001 ICRA. IEEE International Conference on},
  volume={3},
  pages={2299--2306},
  year={2001},
  organization={IEEE}
}

@inproceedings{yokoi2001honda,
  title={A honda humanoid robot controlled by aist software},
  author={Yokoi, Kazuhito and Kanehiro, Fumio and Kaneko, Kenji and Fujiwara, Kiyoshi and Kajita, Shuji and Hirukawa, Hirohisa},
  booktitle={Proc. of the IEEE-RAS International Conference on Humanoid Robots},
  pages={259--264},
  year={2001}
}

@inproceedings{nishiwaki2002online,
  title={Online generation of humanoid walking motion based on a fast generation method of motion pattern that follows desired zmp},
  author={Nishiwaki, Koichi and Kagami, Satoshi and Kuniyoshi, Yasuo and Inaba, Masayuki and Inoue, Hirochika},
  booktitle={Intelligent Robots and Systems, 2002. IEEE/RSJ International Conference on},
  volume={3},
  pages={2684--2689},
  year={2002},
  organization={IEEE}
}

@article{formal2006inverted,
  title={An inverted pendulum on a fixed and a moving base},
  author={Formal'skii, AM},
  journal={Journal of applied mathematics and mechanics},
  volume={70},
  number={1},
  pages={56--64},
  year={2006},
  publisher={Elsevier}
}

@article{popovic2005ground,
  title={Ground reference points in legged locomotion: Definitions, biological trajectories and control implications},
  author={Popovic, Marko B and Goswami, Ambarish and Herr, Hugh},
  journal={The International Journal of Robotics Research},
  volume={24},
  number={12},
  pages={1013--1032},
  year={2005},
  publisher={SAGE Publications}
}

@article{vukobratovic1972stability,
  title={On the stability of anthropomorphic systems},
  author={Vukobratovi{\'c}, Miomir and Stepanenko, J},
  journal={Mathematical Biosciences},
  volume={15},
  number={1},
  pages={1--37},
  year={1972},
  publisher={Elsevier}
}

@inproceedings{arakawa1997natural,
  title={Natural motion generation of biped locomotion robot using hierarchical trajectory generation method consisting of GA, EP layers},
  author={Arakawa, Takemasa and Fukuda, Toshio},
  booktitle={Robotics and Automation, 1997. Proceedings., 1997 IEEE International Conference on},
  volume={1},
  pages={211--216},
  year={1997},
  organization={IEEE}
}

@article{vukobratovic2004zero,
  title={Zero-moment point—thirty five years of its life},
  author={Vukobratovi{\'c}, Miomir and Borovac, Branislav},
  journal={International Journal of Humanoid Robotics},
  volume={1},
  number={01},
  pages={157--173},
  year={2004},
  publisher={World Scientific}
}


@inproceedings{pratt1997virtual,
  title={Virtual model control of a bipedal walking robot},
  author={Pratt, Jerry and Dilworth, Peter and Pratt, Gill},
  booktitle={Robotics and Automation, 1997. Proceedings., 1997 IEEE International Conference on},
  volume={1},
  pages={193--198},
  year={1997},
  organization={IEEE}
}

@book{slotine1991applied,
  title={Applied nonlinear control},
  author={Slotine, Jean-Jacques E and Li, Weiping and others},
  volume={199},
  number={1},
  year={1991},
  publisher={Prentice-Hall Englewood Cliffs, NJ}
}



@book{craig2005introduction,
  title={Introduction to robotics: mechanics and control},
  author={Craig, John J},
  year={2005},
  publisher={Pearson/Prentice Hall Upper Saddle River, NJ, USA:}
}


@article{popovic2005ground,
  title={Ground reference points in legged locomotion: Definitions, biological trajectories and control implications},
  author={Popovic, Marko B and Goswami, Ambarish and Herr, Hugh},
  journal={The International Journal of Robotics Research},
  volume={24},
  number={12},
  pages={1013--1032},
  year={2005},
  publisher={SAGE Publications}
}


@inproceedings{hofmann2004sliding,
  title={A sliding controller for bipedal balancing using integrated movement of contact and non-contact limbs},
  author={Hofmann, Andreas and Massaquoi, Steven and Popovic, Marko and Herr, Hugh},
  booktitle={Intelligent Robots and Systems, 2004.(IROS 2004). Proceedings. 2004 IEEE/RSJ International Conference on},
  volume={2},
  pages={1952--1959},
  year={2004},
  organization={IEEE}
}



@inproceedings{sugihara2002real,
  title={Real-time humanoid motion generation through ZMP manipulation based on inverted pendulum control},
  author={Sugihara, Tomomichi and Nakamura, Yoshihiko and Inoue, Hirochika},
  booktitle={Robotics and Automation, 2002. Proceedings. ICRA'02. IEEE International Conference on},
  volume={2},
  pages={1404--1409},
  year={2002},
  organization={IEEE}
}


